@inproceedings{roginska2019citytones,
  title={CityTones: A Repository of Crowdsourced Annotated Soundfield Soundscapes},
  author={Roginska, Agnieszka and Lee, Hyunkook and Mendez Mendez, Ana Elisa and Murakami, Scott and Genovese, Andrea},
  booktitle={Audio Engineering Society Convention 146},
  year={2019},
  organization={Audio Engineering Society}
}

@inproceedings{heffner2018evolution,
  title={The evolution of mammalian hearing},
  author={Heffner, Henry E and Heffner, Rickye S},
  booktitle={AIP Conference Proceedings},
  volume={1965},
  number={1},
  pages={130001},
  year={2018},
  organization={AIP Publishing LLC}
}

@inproceedings{bates2017comparing,
  title={Comparing Ambisonic Microphonesâ€”Part 2},
  author={Bates, Enda and Dooney, Sean and Gorzel, Marcin and O'Dwyer, Hugh and Ferguson, Luke and Boland, Francis M},
  booktitle={Audio Engineering Society Convention 142},
  year={2017},
  organization={Audio Engineering Society}
}

@inproceedings{kurz2015comparison,
  title={Comparison of first-order Ambisonics microphone arrays},
  author={Kurz, Eric and Pfahler, Felix and Frank, Matthias},
  booktitle={3rd International Conference on Spatial Audio, ICSA},
  year={2015}
}

@inproceedings{lopez2019sphear,
  title={The SpHEAR project update: Refining the OctaSpHEAR, a 2nd order ambisonics microphone},
  author={Lopez-Lezcano, Fernando},
  booktitle={EAA Spatial Audio Signal Processing Symposium},
  pages={103--108},
  year={2019}
}

@article{hong2017spatial,
  title={Spatial audio for soundscape design: Recording and reproduction},
  author={Hong, Joo Young and He, Jianjun and Lam, Bhan and Gupta, Rishabh and Gan, Woon-Seng},
  journal={Applied sciences},
  volume={7},
  number={6},
  pages={627},
  year={2017},
  publisher={Multidisciplinary Digital Publishing Institute}
}

@article{grothe2010mechanisms,
  title={Mechanisms of sound localization in mammals},
  author={Grothe, Benedikt and Pecka, Michael and McAlpine, David},
  journal={Physiological reviews},
  volume={90},
  number={3},
  pages={983--1012},
  year={2010},
  publisher={American Physiological Society Bethesda, MD}
}

@article{kim2015improved,
  title={Improved sound source localization in horizontal plane for binaural robot audition},
  author={Kim, Ui-Hyun and Nakadai, Kazuhiro and Okuno, Hiroshi G},
  journal={Applied Intelligence},
  volume={42},
  number={1},
  pages={63--74},
  year={2015},
  publisher={Springer}
}

@article{valin2007robust,
  title={Robust localization and tracking of simultaneous moving sound sources using beamforming and particle filtering},
  author={Valin, Jean-Marc and Michaud, Fran{\c{c}}ois and Rouat, Jean},
  journal={Robotics and Autonomous Systems},
  volume={55},
  number={3},
  pages={216--228},
  year={2007},
  publisher={Elsevier}
}

@inproceedings{scheibler2018pyramic,
  title={Pyramic: Full stack open microphone array architecture and dataset},
  author={Scheibler, Robin and Azcarreta, Juan and Beuchat, Ren{\'e} and Ferry, Corentin},
  booktitle={2018 16th International Workshop on Acoustic Signal Enhancement (IWAENC)},
  pages={226--230},
  year={2018},
  organization={IEEE}
}

@article{lee3d,
  title={3D Microphone Array Recording Comparison (3D-MARCo)},
  author={Lee, Hyunkook and Johnson, Dale}
}

@article{theile20123d,
  title={3D Audio natural recording},
  author={Theile, G and Wittek, H},
  journal={27th Tonmeistertagung},
  year={2012}
}

@article{lee2014effect,
  title={Effect of vertical microphone layer spacing for a 3D microphone array},
  author={Lee, Hyunkook and Gribben, Christopher},
  journal={Journal of the Audio Engineering Society},
  volume={62},
  number={12},
  pages={870--884},
  year={2014},
  publisher={Audio Engineering Society}
}

@inproceedings{lee2017microphone,
  title={Microphone Array Impulse Response (MAIR) library for spatial audio research},
  author={Lee, Hyunkook and Millns, Connor},
  booktitle={Audio Engineering Society Convention 143},
  year={2017},
  organization={Audio Engineering Society}
}

@inproceedings{amengual2020open,
  title={Open Database of Spatial Room Impulse Responses at Detmold University of Music},
  author={Amengual Gari, Sebastia Vicen{\c{c}} and Sahin, Banu and Eddy, Dusty and Kob, Malte},
  booktitle={Audio Engineering Society Convention 149},
  year={2020},
  organization={Audio Engineering Society}
}

@article{evers2020data,
  title={Data Corpus for the IEEE-AASP Challenge on Acoustic Source Localization and Tracking (LOCATA)},
  author={Evers, Christine and Loellmann, Heinrich W and Mellmann, Heinrich and Schmidt, Alexander and Barfuss, Hendrik and Naylor, Patrick A and Kellermann, Walter},
  year={2020},
  publisher={Zenodo}
}

@article{brutti2010woz,
  title={WOZ acoustic data collection for interactive TV},
  author={Brutti, Alessio and Cristoforetti, Luca and Kellermann, Walter and Marquardt, Lutz and Omologo, Maurizio},
  journal={Language Resources and Evaluation},
  volume={44},
  number={3},
  pages={205--219},
  year={2010},
  publisher={Springer}
}

@misc{olgun2019metu,
  title={METU SPARG Eigenmike em32 Acoustic Impulse Response Dataset v0. 1.0},
  author={Olgun, O and Hac{\i}habiboglu, H},
  year={2019},
  publisher={Apr}
}

@inproceedings{thiemann2013demand,
  title={DEMAND: a collection of multi-channel recordings of acoustic noise in diverse environments},
  author={Thiemann, Joachim and Ito, Nobutaka and Vincent, Emmanuel},
  booktitle={Proc. Meetings Acoust},
  year={2013}
}

@inproceedings{strauss2018dregon,
  title={DREGON: Dataset and methods for UAV-embedded sound source localization},
  author={Strauss, Martin and Mordel, Pol and Miguet, Victor and Deleforge, Antoine},
  booktitle={2018 IEEE/RSJ International Conference on Intelligent Robots and Systems (IROS)},
  pages={1--8},
  year={2018},
  organization={IEEE}
}

@article{corey2019massive,
  title={Massive distributed microphone array dataset},
  author={Corey, RM and Skarha, MD and Singer, AC},
  year={2019}
}

@article{ceolini2020evaluating,
  title={Evaluating multi-channel multi-device speech separation algorithms in the wild: a hardware-software solution},
  author={Ceolini, Enea and Kiselev, Ilya and Liu, Shih-Chii},
  journal={IEEE/ACM Transactions on Audio, Speech, and Language Processing},
  volume={28},
  pages={1428--1439},
  year={2020},
  publisher={IEEE}
}

@misc{adavanne2019tau,
  title={TAU Spatial Sound Events 2019-Ambisonic and Microphone Array Development Datasets},
  author={Adavanne, S and Politis, A and Virtanen, T},
  year={2019},
  publisher={Zenodo}
}

@inproceedings{wijnker2019hear,
  title={Hear-and-avoid for UAVs using convolutional neural networks},
  author={Wijnker, Dirk and van Dijk, Tom and Snellen, Mirjam and de Croon, Guido and De Wagter, Christophe},
  booktitle={Proceedings of the 11th International Micro Air Vehicle Competition and Conference (IMAV2019), Madrid, Spain},
  volume={30},
  year={2019}
}

@article{purohit2019mimii,
  title={MIMII Dataset: Sound dataset for malfunctioning industrial machine investigation and inspection},
  author={Purohit, Harsh and Tanabe, Ryo and Ichige, Kenji and Endo, Takashi and Nikaido, Yuki and Suefusa, Kaori and Kawaguchi, Yohei},
  journal={arXiv preprint arXiv:1909.09347},
  year={2019}
}

@inproceedings{bezzam2017hardware,
  title={Hardware and software for reproducible research in audio array signal processing},
  author={Bezzam, Eric and Scheibler, Robin and Azcarreta, Juan and Pan, Hanjie and Simeoni, Matthieu and Beuchat, Ren{\'e} and Hurley, Paul and Bruneau, Basile and Ferry, Corentin and Kashani, Sepand},
  booktitle={2017 IEEE International Conference on Acoustics, Speech and Signal Processing (ICASSP)},
  pages={6591--6592},
  year={2017},
  organization={Ieee}
}

@article{simeoni2019deepwave,
  title={DeepWave: a recurrent neural-network for real-time acoustic imaging},
  author={Simeoni, Matthieu Martin Jean-Andre and Kashani, Sepand and Hurley, Paul and Vetterli, Martin},
  journal={Advances In Neural Information Processing Systems 32 (Nips 2019)},
  volume={32},
  number={CONF},
  year={2019}
}

@article{baechler2020coordinate,
  title={Coordinate Difference Matrices},
  author={Baechler, Gilles and Dumbgen, Frederike and Elhami, Golnoosh and Krekovic, Miranda and Vetterli, Martin},
  journal={SIAM Journal on Matrix Analysis and Applications},
  volume={41},
  number={1},
  pages={332--363},
  year={2020},
  publisher={SIAM}
}

@article{lee2021multichannel,
  title={Multichannel 3D Microphone Arrays: A Review},
  author={Lee, Hyunkook},
  journal={Journal of the Audio Engineering Society},
  volume={69},
  number={1/2},
  pages={5--26},
  year={2021},
  publisher={Audio Engineering Society}
}
@inproceedings{thiemann2013experimental,
  title={An experimental comparison of source separation and beamforming techniques for microphone array signal enhancement},
  author={Thiemann, Joachim and Vincent, Emmanuel},
  booktitle={2013 IEEE International Workshop on Machine Learning for Signal Processing (MLSP)},
  pages={1--5},
  year={2013},
  organization={IEEE}
}

@inproceedings{thiemann2013fast,
  title={A fast EM algorithm for Gaussian model-based source separation},
  author={Thiemann, Joachim and Vincent, Emmanuel},
  booktitle={21st European Signal Processing Conference (EUSIPCO 2013)},
  pages={1--5},
  year={2013},
  organization={IEEE}
}

@inproceedings{thiemann2014spatial,
  title={Spatial properties of the DEMAND noise recordings},
  author={Thiemann, Joachim and Vincent, Emmanuel and Van de Par, Steven},
  booktitle={40th Annual German Congress on Acoustics (DAGA 2014)},
  year={2014}
}

@article{tourbabin2014theoretical,
  title={Theoretical framework for the optimization of microphone array configuration for humanoid robot audition},
  author={Tourbabin, Vladimir and Rafaely, Boaz},
  journal={IEEE/ACM Transactions on Audio, Speech, and Language Processing},
  volume={22},
  number={12},
  pages={1803--1814},
  year={2014},
  publisher={IEEE}
}

@inproceedings{tourbabin2016optimal,
  title={Optimal design of microphone array for humanoid-robot audition},
  author={Tourbabin, Vladimir and Rafaely, Boaz},
  booktitle={Proc. of Israeli Conf. on Robotics (ICR)},
  year={2016}
}

@inproceedings{pak2018locata,
  title={LOCATA challenge: A deep neural networks-based regression approach for direction-of-arrival estimation},
  author={Pak, Junhyeong and Shin, Jong Won},
  booktitle={Proc. LOCATA Challenge Workshop-Satell. Event IWAENC},
  year={2018}
}

@inproceedings{qayyum2019direction,
  title={Direction of Arrival Estimation through Noise Supression: A Novel Approach using GSC Beamforming and Room Acoustic Simulation},
  author={Qayyum, Alif Bin Abdul Abdul and Anika, Adrita and Miah, Md Messal Monem and Rahman, Md Mushfiqur and Hasan, KM Naimul and Islam, Md Tariqul and Shouborno, Sheikh Asif Imran and Shadiq, Md Farhan and Haque, Mohammad Ariful},
  booktitle={2019 IEEE International Conference on Signal Processing, Information, Communication \& Systems (SPICSCON)},
  pages={104--108},
  year={2019},
  organization={IEEE}
}

@article{qayyum2020doanet,
  title={DOANet: a deep dilated convolutional neural network approach for search and rescue with drone-embedded sound source localization},
  author={Qayyum, Alif Bin Abdul and Hassan, KM Naimul and Anika, Adrita and Shadiq, Md Farhan and Rahman, Md Mushfiqur and Islam, Md Tariqul and Imran, Sheikh Asif and Hossain, Shahruk and Haque, Mohammad Ariful},
  journal={EURASIP Journal on Audio, Speech, and Music Processing},
  volume={2020},
  number={1},
  pages={1--18},
  year={2020},
  publisher={SpringerOpen}
}

@article{aldeiasemblance,
  title={On the Semblance Based TDOA Algorithm for Sound Source Localization: a parametric study},
  author={Aldeia, Guilherme Seidyo Imai and Ferreira, Henrique and Nose Filho, Kenji}
}
